<record><leader>00000cas a22000007a 4500</leader><controlfield tag="001">15390213</controlfield><controlfield tag="008">870328d19541961alucr ne      0    0eng d</controlfield><datafield ind1=" " ind2=" " tag="010"><subfield code="a">sn 87050103 </subfield></datafield><datafield ind1=" " ind2=" " tag="040"><subfield code="a">AAR</subfield><subfield code="b">eng</subfield><subfield code="c">AAR</subfield><subfield code="d">CPN</subfield><subfield code="d">OCLCQ</subfield></datafield><datafield ind1=" " ind2=" " tag="042"><subfield code="a">msc</subfield></datafield><datafield ind1="0" ind2=" " tag="130"><subfield code="a">Advertiser (Haleyville, Ala.)</subfield></datafield><datafield ind1="1" ind2="4" tag="245"><subfield code="a">The Advertiser.</subfield></datafield><datafield ind1=" " ind2=" " tag="260"><subfield code="a">Haleyville, Ala. :</subfield><subfield code="b">Jay Thornton,</subfield><subfield code="c">1954-1961.</subfield></datafield><datafield ind1=" " ind2=" " tag="300"><subfield code="a">v.</subfield></datafield><datafield ind1=" " ind2=" " tag="310"><subfield code="a">Semiweekly</subfield></datafield><datafield ind1="0" ind2=" " tag="362"><subfield code="a">Apr. 16, 1954-Apr. 4, 1961.</subfield></datafield><datafield ind1=" " ind2=" " tag="752"><subfield code="a">United States</subfield><subfield code="b">Alabama</subfield><subfield code="c">Winston</subfield><subfield code="d">Haleyville.</subfield></datafield><datafield ind1="0" ind2="0" tag="780"><subfield code="t">Haleyville advertiser</subfield><subfield code="w">(DLC)sn 87050102</subfield></datafield><datafield ind1="0" ind2="7" tag="785"><subfield code="t">Marion County news-Winfield journal</subfield><subfield code="w">(DLC)sn 87050106</subfield></datafield><datafield ind1="0" ind2="7" tag="785"><subfield code="t">Advertiser and Marion County news-journal</subfield><subfield code="w">(DLC)sn 87050107</subfield></datafield></record>